@article{champredon2015intrinsic,
  title={Intrinsic and realized generation intervals in infectious-disease transmission.},
  author={Champredon, David and Dushoff, Jonathan},
  journal={Proceedings. Biological sciences},
  volume={282},
  number={1821},
  pages={20152026--20152026},
  year={2015},
  publisher={The Royal Society}
}

@article{trapman2016inferring,
  title={Inferring R0 in emerging epidemicsâ€”the effect of common population structure is small},
  author={Trapman, Pieter and Ball, Frank and Dhersin, Jean-St{\'e}phane and Tran, Viet Chi and Wallinga, Jacco and Britton, Tom},
  journal={Journal of the Royal Society Interface},
  volume={13},
  number={121},
  pages={20160288},
  year={2016},
  publisher={The Royal Society}
}